@manual{inmetro2003,
	Author = {INMETRO},
	Title = {Vocabulário internacional de termos fundamentais e gerais de
	metrologia},
	Year = {2013},
	Address = {Rio de Janeiro, Brasil},
	Pages = {75},
	isbn = {85-87090-90-9},
}

@inproceedings{soviero1997,
	Author = {P. A. O. Soviero and L. G. M. Lavagna},
	Title = {A Numerical Model for Thin Airfoils in Unsteady Motion},
	Year = {1997},
	Pages = {332-340},
	Volume = {19},
	Number = {3},
	Booktitle = {Journal of the Brazilian Societyt Mechanical Sciences},	
}

@inproceedings{sparrow1980,
	Author = {E. M. Sparrow},
	Title = {Forced Convection Heat Transfer in a Duct Having Spanwise-Periodic
	Rectangular Protuberances},
	Year = {1980},
	Pages = {149-167},
	Volume = {3},
	Booktitle = {Numerical Heat Transfer},
}

@article{clark1986,
	Author = {J. A. Clark},
	Title = {Private Communication},
	Year = {1986},
	Address = {University of Michigan},
}

@article{arruda2007,
	Author = {M. B. B. Arruda},
	Title = {Como fazer referências: bibliográficas, eletrônicas e demais
	formas de documentos},
	Year = {2007},
	Url = {http://bu.ufsc.br/framerefer.html}
}

@article{coimbra1978,
	Author = {A. L. Coimbra},
	Title = {Lessons of Continuum Mechanics},
	Year = {1978},
	Address = {São Paulo, Brazil},
	Pages = {428},
	Editor = {Edgard Blücher},
}

@inproceedings{bordalo1989,
	Author = {S. N. Bordalo and J. H. Ferziger and S. J. Kline},
	Title = {The Development of Zonal Models for Turbulence},
	Year = {1989},
	Pages = {41-44},
	Booktitle = {Proceedings of the 10th Brazilian Congress of Mechanical
	Engineering}, 
	Volume = {1},	
}

@manual{NBR14724:2011,
	Address = {Rio de Janeiro},
	Date-Added = {2012-12-15 20:34:08 +0000},
	Date-Modified = {2012-12-15 20:35:25 +0000},
	Month = mar,
	Org-Short = {ABNT},
	Organization = {Associa{\c c}\~ao Brasileira de Normas T\'ecnicas},
	Pages = 15,
	Subtitle = {Informa{\c c}\~ao e documenta{\c c}\~ao --- trabalhos acad\^emicos --- apresenta{\c c}\~ao},
	Title = {{NBR} 14724},
	Year = 2011
}

@manual{NBR6034:2000,
	Address = {Rio de Janeiro},
	Org-Short = {ABNT},
	Organization = {Associa{\c c}\~ao Brasileira de Normas T\'ecnicas},
	Subtitle = {Informa{\c c}\~ao e documenta{\c c}\~ao --- Referências},
	Title = {{NBR} 14724},
	Year = 2000
}

@techreport{mell2011,
	Author = {Mell, Peter and Grance, Timothy},
	Title = {The {NIST} Definition of Cloud Computing},
	Year = {2011},
	Address = {Gaithersburg, MD},
	Institution = {National Institute of Standards and Technology},
	Number = {800-145},
	Type = {{NIST} Special Publication},
	Doi = {10.6028/nist.sp.800-145},
	Url = {https://nvlpubs.nist.gov/nistpubs/Legacy/SP/nistspecialpublication800-145.pdf},
	Note = {Acesso em: 22 jun. 2025}
}

@article{dai2015,
	Author = {Dai, Lu and Li, Jian Hua},
	Title = {An Optimal Resource Allocation Algorithm in Cloud Computing Environment},
	Journal = {Applied Mechanics and Materials},
	Volume = {733},
	Pages = {779-782},
	Year = {2015},
	Doi = {10.4028/www.scientific.net/amm.733.779},
	Url = {https://www.scientific.net/amm.733.779},
	Note = {Acesso em: 22 jun. 2025}
}

@incollection{ray2013,
	Author = {Ray, Indrajit and Mulamba, Dieudonné and Ray, Indrakshi and Han, Keesook J.},
	Title = {A Model for Trust-Based Access Control and Delegation in Mobile Clouds},
	Booktitle = {Security and Trust Management},
	Editor = {De Decker, Bart and Van Rompaey, Bart and Quisquater, Jean-Jacques},
	Publisher = {Springer},
	Address = {Berlin; Heidelberg},
	Year = {2013},
	Pages = {237-251},
	Series = {Lecture Notes in Computer Science},
	Volume = {7977},
	Doi = {10.1007/978-3-642-39256-6_16},
	Url = {https://link.springer.com/chapter/10.1007/978-3-642-39256-6_16},
	Note = {Acesso em: 22 jun. 2025}
}

@article{heuchert2021,
	Author = {Heuchert, Samuel and others},
	Title = {Design of a small-scale and failure-resistant {IaaS} cloud using {OpenStack}},
	Journal = {Aslib Journal of Information Management},
	Volume = {73},
	Number = {4},
	Pages = {556-574},
	Year = {2021},
	Doi = {10.1108/aci-04-2021-0094},
	Url = {https://www.emerald.com/insight/content/doi/10.1108/aci-04-2021-0094/full/html},
	Note = {Acesso em: 22 jun. 2025}
}

@incollection{xu2021,
	Author = {Xu, Yu and Zhang, Yu and Chen, Feng},
	Title = {Multi-Tenant Cloud Computing Systems: A Survey},
	Booktitle = {Cloud Computing: Principles and Paradigms},
	Editor = {Buyss, P.},
	Edition = {2},
	Publisher = {Wiley},
	Address = {Hoboken},
	Year = {2021},
	Chapter = {5},
	Doi = {10.1002/9781119472906.ch5},
	Url = {https://ieeexplore.ieee.org/stamp/stamp.jsp?tp=&arnumber=8827456&utm_source=scite&getft_integrator=scite},
	Note = {Acesso em: 22 jun. 2025}
}

@inproceedings{roloff2012,
	Author = {Roloff, Elton and Diener, Marilton and Carissimi, Alexandre and Navaux, Philippe O. A.},
	Title = {High Performance Computing in the cloud: Deployment, performance and cost efficiency},
	Booktitle = {Proceedings of the 4th {IEEE} International Conference on Cloud Computing Technology and Science ({CloudCom})},
	Year = {2012},
	Address = {Taipei},
	Pages = {331-338},
	Publisher = {IEEE},
	Doi = {10.1109/cloudcom.2012.6427549},
	Url = {https://ieeexplore.ieee.org/document/6427549},
	Note = {Acesso em: 22 jun. 2025}
}

